
%% Created for Jakob Suckale at 2007-09-06 11:30:44 +0200 


%% Saved with string encoding Unicode (UTF-8) 

%%%%Lista de prefijos usados
% pr - paper
% gl - glosario
% bk - libros
% cr - referencias al crowdfunding
% ot - otros



%%%papers citas
%%%%%%%%%%%%%%%%%%%%%%%%%%%%%%%%%%%%%%%%%%%%%%%%

@article{pr_kamath2018suplearn,
	title = {Supervised Learning Model For Kickstarter Campaigns With R Mining},
	author = {Kamath, R. S. and Kamat, R. K.},
	journal = {International Journal of Information Technology, Modeling and Computing (IJITMC)},	
	volume={4},
	number={1},
	year={2018},
	publisher={Zenodo},
	doi = {10.5281/zenodo.1228716},
	url = {https://search.datacite.org/works/10.5281/zenodo.1228716}
}

@article{pr_beckwith2016predcrowd,
	title = {Predicting Success in Equity Crowdfunding},
	author = {Beckwith, John},
	journal = {Joseph Wharton Scholars},	
	year={2016},
	publisher={University of Pennsylvania ScholarlyCommons},
	url = {http://repository.upenn.edu/joseph_wharton_scholars/25}
}

@inproceedings{pr_zhou2018projectdesc,
	title = {Money Talks: A Predictive Model on Crowdfunding Success Using Project Description},
	author = {Zhou, Mi and Zhang, Xuan and Wang, Alan G. and Du, Qianzhou and Qiao, Zhilei and Fan, Weiguo},
	year = {2018},
	maintitle = {Information systems frontiers : a journal of research and innovation},
	eventtitle = {Twenty-first Americas Conference on Information Systems, Puerto Rico, 2015},
	%%%eventdate = {2015},
	volume = {20},
	number = {2},
	publisher = {Springer},
	location = {Puerto Rico},
	isbn = {ISSN},
	pages = {259-274},
	doi = {10.1007/s10796-016-9723-1},
	url = {https://www.ncbi.nlm.nih.gov/pubmed/29755287}
}

@article{pr_yuan2016textanalytics,
	title = {The Determinants of Crowdfunding Success: A Semantic Text Analytics Approach},
	author = {Yuan, Hui and Lau, Raymond Y.K. and Xu, Wei},
	journal = {Decision Support Systems},	
	volume={91},
	year={2016},
	month={Noviembre},
	publisher={Elsevier B.V},
	isbn = {ISSN},
	pages = {67-76},
	doi = {10.1016/j.dss.2016.08.001},
	url = {https://www.sciencedirect.com/science/article/pii/S0167923616301373}
}

@inproceedings{pr_chen2015predcrowd,
	title = {Will Your Project Get the Green Light? Predicting the Success of Crowdfunding Campaigns},
	author = {Chen, Shih-Ying and Chen, Ching-Ning and Chen, Yu-Ren and Yang, Chih-Wei and Lin, Wan-Ching},
	year = {2015},
	eventtitle = {Pacific Asia Conference on Information Systems (PACIS) 2015 Proceedings},
	%%%eventdate = {2015},
	publisher = {Association for Information Systems AIS Electronic Library (AISeL)},
	location = {New York},
	isbn = {ISBN},
	url = {http://aisel.aisnet.org/pacis2015/79}
}

@inproceedings{pr_li2016predcrowd,
	title = {Project Success Prediction in Crowdfunding Environments},
	author = {Li, Yan and Rakesh, Vineeth and Reddy, Chandan K.},
	year = {2016},
	maintitle = {Proceedings of the Ninth ACM International Conference on web search and data mining},
	eventtitle = {WSDM' 16},
	%%%eventdate = {2016},
	publisher = {ACM},
	location = {San Francisco},
	isbn = {ISBN},
	pages = {247-256},
	doi = {10.1145/2835776.2835791},
	url = {http://dl.acm.org/citation.cfm?id=2835791}
}

@article{pr_kaur2017socmedcrowd,
	title = {Effect of Social Media Connectivity on Success of Crowdfunding Campaigns},
	author = {Kaur, Harmeet and Gera, Jaya},
	journal = {Procedia Computer Science},	
	volume={122},
	year={2017},
	month={Noviembre},
	publisher={Elsevier B.V},
	isbn = {ISSN},
	pages = {767-774},
	doi = {10.1016/j.procs.2017.11.435},
	url = {https://www.sciencedirect.com/science/article/pii/S1877050917326832}
}

@inproceedings{pr_yu2018deeplearning,
	title = {Prediction of Crowdfunding Project Success with Deep Learning},
	author = {Yu, Pi-Fen and Huang, Fu-Ming and Yang, Chuan and Liu, Yu-Hsin and Li, Zi-Yi and Tsai, Cheng-Hung},
	year = {2018},
	eventtitle = {2018 IEEE 15th International Conference on e-Business Engineering (ICEBE)},
	%%%eventdate = {2018},
	publisher = {IEEE},
	location = {Xi'an},
	isbn = {ISBN},
	pages = {1-8},
	doi = {10.1109/ICEBE.2018.00012},
	url = {https://ieeexplore.ieee.org/document/8592623}
}

@inproceedings{pr_jin2019dayssuccess,
	title = {Estimating the Days to Success of Campaigns in Crowdfunding: A Deep Survival Perspective},
	author = {Jin, Binbin and Zhao, Hongke and Chen, Enhong and Liu, Qi and Ge, Yong},
	year = {2019},
	eventtitle = {The 33rd AAAI Conference on Artificial Intelligence (AAAI'2019)},
	%%%eventdate = {2019},
	publisher = {Association for the Advancement of Artificial},
	location = {Honolulu},
	url = {http://staff.ustc.edu.cn/~cheneh/paper_pdf/2019/Binbin-Jin-AAAI.pdf}
}

@inproceedings{pr_cheng2019deeplearning,
	title = {Success Prediction on Crowdfunding with Multimodal Deep Learning},
	author = {Cheng, Chaoran and Tan, Fei and Hou, Xiurui and Wei, Zhi},
	year = {2019},
	eventtitle = {The Twenty-Eighth International Joint Conference on Artificial Intelligence},
	%%%eventdate = {2019},
	location = {Macao},
	pages = {2158-2164},
	url = {https://www.ijcai.org/proceedings/2019/0299.pdf}
}


%%%Glosarios - diccionarios
%%%%%%%%%%%%%%%%%%%%%%%%%%%%%%%%%%%%%%%%%%%%%%%%
@misc{gl_gartner2019ml,
	author    = {{Gartner}},
	title     = {Gartner IT Glossary - Machine Learning},
	year     = {2019},
	url = {https://www.gartner.com/it-glossary/machine-learning/}
}

@misc{gl_microsoft2018datamining,
	author    = {{Microsoft}},
	title     = {Algoritmos de minería de datos (Analysis Services: Minería de datos)},
	year     = {2018},
	url = {https://docs.microsoft.com/es-mx/sql/analysis-services/data-mining/data-mining-algorithms-analysis-services-data-mining?view=sql-server-2017}
}

@misc{gl_sas_deeplearning,
	author    = {{SAS Institute}},
	title     = {¿Qué es Deep Learning?},
	url = {https://www.sas.com/es_pe/insights/analytics/deep-learning.html}
}

@misc{gl_gartner2019pm,
	author    = {{Gartner}},
	title     = {Gartner IT Glossary - Predictive Modeling},
	year     = {2019},
	url = {https://www.gartner.com/it-glossary/predictive-modeling/}
}

@misc{gl_microsoft2019datamining,
	author    = {{Microsoft}},
	title     = {Conceptos de minería de datos},
	year     = {2019},
	url = {https://docs.microsoft.com/es-es/sql/analysis-services/data-mining/data-mining-concepts?view=sql-server-2017}
}

%%
@misc{gl_ibm,
	author    = {{IBM}},
	title     = "IBM AI glossary",
	year     = "2019",
	url = "https://www.ibm.com/cloud/garage/architectures/cognitiveArchitecture/glossary"
}

@misc{gl_rae,
	author    = {{Real Academia Española}},
	title     = "Diccionario de la lengua española",
	edition="Twenty-third",
	year     = "2014",
	url = "https://dle.rae.es/?w=diccionario"
}


%%Libros
%%%%%%%%%%%%%%%%%%%%%%%%%%%%%%%%%%%%%%%%%%%%%%%%
@book{bk_russell2009intart,
	title={Inteligencia Artificial: Un Enfoque Moderno},
	author={Russell, Stuart and Norvig, Peter},
	year={2009},
	publisher={Prentice Hall},
	pages = {229},
	edition = {Tercera edición}
}

@book{bk_russell2004intart,
	title={Inteligencia Artificial: Un Enfoque Moderno},
	author={Russell, Stuart and Norvig, Peter},
	translator = {Corchado Rodríguez, Juan Manuel and Martín Rubio, Fernando and Cadenas Figueredo, José Manuel and Hernández Molinero, Luis Daniel and Paniagua Arís, Enrique and Fuentetaja Pinzán, Raquel and Robledo de los Santos, Mónica and Rizo Aldeguer, Ramón},
	year={2004},
	publisher={Pearson Educación, S.A.},
	location = {Madrid},
	isbn = {ISBN},
	pages = {1-1240},
	edition = {Segunda edición},
	url = {https://luismejias21.files.wordpress.com/2017/09/inteligencia-artificial-un-enfoque-moderno-stuart-j-russell.pdf}
}

@book{bk_alpaydin2014ml,
	title={Introduction to Machine Learning},
	author={Alpaydin, Ethem},
	year={2014},
	publisher={MIT Press},
	edition = {Tercera edición}
}

@article{bk_zambrano2018supnosup,
	title={¿Aprendizaje supervisado o no supervisado? Conoce sus diferencias dentro del machine learning y la automatización inteligente},
	author={Zambrano, Juan},
	journal={Medium},
	month={Marzo},
	year={2018},
	url={https://medium.com/@juanzambrano/aprendizaje-supervisado-o-no-supervisado-39ccf1fd6e7b}
}

@inbook{bk_sutton2018rl,
	title={Finite Markov Decision Processes},
	booktitle = {Reinforcement Learning: An Introduction},
	author={Sutton, Richard S. and Barto, Andrew G.},
	year={2018},
	publisher={MIT Press},
	location = {Cambridge},
	isbn = {ISBN},
	chapter = {3},
	pages = {48},
	edition = {Segunda edición},
	url = {http://incompleteideas.net/book/RLbook2018.pdf}
}

@book{bk_maimon2010datamining,
	title={Data Mining and Knowledge Discovery Handbook},
	author={Maimon, Oded and Rokach, Lior},
	year={2010},
	publisher={Springer},
	location = {Nueva York},
	edition = {Primera edición}
}


%%%
@book{bk_gollapudi2016practical,
	title={Practical machine learning},
	author={Gollapudi, Sunila},
	year={2016},
	publisher={Packt Publishing Ltd}
}

@article{bk_goyal2018deep,
	title={Deep learning for natural language processing},
	author={Goyal, Palash and Pandey, Sumit and Jain, Karan},
	journal={Deep Learning for Natural Language Processing: Creating Neural Networks with Python [Berkeley, CA]: Apress},
	pages={138--143},
	year={2018},
	publisher={Springer}
}

@incollection{bk_kulkarni2019exploring,
	title={Exploring and Processing Text Data},
	author={Kulkarni, Akshay and Shivananda, Adarsha},
	booktitle={Natural Language Processing Recipes},
	pages={37--65},
	year={2019},
	publisher={Springer}
}

%%%%Referencias respecto al crowdfunding
%%%%%%%%%%%%%%%%%%%%%%%%%%%%%%%%%%%%%%%%%%%%%%%%

@periodical{cr_gestion2015emprendper,
	author    = {{Redacción Gestión}},
	title     = {Emprendimiento en el Perú se origina más por oportunidades de negocio que por desempleo},
	journal   = {Diario Gestión},
	year     = {2015},
	month = {Marzo},
	date = {11},
	url = {https://gestion.pe/economia/emprendimiento-peru-origina-oportunidad-negocio-desempleo-80578}
}

@periodical{cr_gestion2018emprend,
	author    = {{Redacción Gestión}},
	title     = {Perú es el tercer país con mayor cantidad de emprendimientos en fase temprana a nivel mundial},
	journal   = {Diario Gestión},
	year     = {2018},
	month = {Agosto},
	date = {1},
	url = {https://gestion.pe/economia/peru-tercer-pais-mayor-cantidad-emprendimientos-fase-temprana-nivel-mundial-240264}
}

@misc{cr_aep2018emprend,
	author    = {{Asociación de Emprendedores de Perú}},
	title     = {Avances y limitaciones del emprendimiento peruano},
	year     = {2018},
	month = {Febrero},
	date = {12},
	url = {https://asep.pe/index.php/avances-limitaciones-emprendimiento-peruano/}
}

@misc{cr_sandoval_barreras,
	author    = {Luis Sandoval},
	title     = {Barreras del Emprendedor ¿Por qué cuesta tanto hacerlo?},
	url = {https://www.emprender-facil.com/es/barreras-del-emprendedor/}
}

@misc{cr_hustle2019successrate,
	author    = {{The Hustle}},
	title     = {What are your chances of successfully raising money on Kickstarter?},
	year     = {2019},
	month = {Febrero},
	date = {9},
	url = {https://thehustle.co/crowdfunding-success-rate}
}

@misc{cr_uc_crowdfunding,
	author    = {{Universo Crowdfunding}},
	title     = {¿Qué es el crowdfunding?},
	url = {https://www.universocrowdfunding.com/que-es-el-crowdfunding/}
}

@misc{cr_sl_crowdfundlatam,
	author    = {{Solidaridad Latina}},
	title     = {¿Cómo funciona el crowdfunding en Latinoamérica?},
	url = {https://solidaridadlatina.com/actualizacion/como-funciona-crowdfunding-latinoamerica/}
}

@online{cr_kickstarter_about,
	author    = {{Kickstarter}},
	title     = {Acerca de nosotros: Kickstarter},
	url = {https://www.kickstarter.com/about?ref=global-footer}
}

@online{cr_kickstarter_founding,
	author    = {{Kickstarter}},
	title     = {Financiamiento: Kickstarter},
	url = {https://www.kickstarter.com/help/handbook/funding?lang=es}
}

@online{cr_kickstarter_press,
	author    = {{Kickstarter}},
	title     = {Prensa: Kickstarter},
	url = {https://www.kickstarter.com/press?ref=hello}
}

@techreport{cr_ministerioPeru_statsminas,
	author={{Ministerio de Energía y Minas (ESTAMIN)}},
	title     = "Perú: país líder de los metales del futuro",
	year = "2019",
	month="February",
	type="Boletín Estadistico Minero"
}





%%%%Articulos tecnicos
%%%%%%%%%%%%%%%%%%%%%%%%%%%%%%%%%%%%%%%%%%%%%%%%
@article{tec_poole1998machinelearning,
	title = {Computational Intelligence: A Logical Approach},
	author = {Poole, David and Mackworth, Alan and Goebel, Randy},
	journal = {Oxford University Press},
	year={1998}
}

@report{tec_sancho2018supnosup,
	author = {Sancho Caparrini, Fernando},
	title = {Clasificación Supervisada y No Supervisada},
	type = {Publicación},
	institution = {Universidad de Sevilla},
	year = {2018},
	location = {Sevilla},
	url = {http://www.cs.us.es/~fsancho/?e=77}
}

@misc{tec_merino2019aprendrefuerzo,
	author    = {Merino, Marcos},
	title     = {Conceptos de inteligencia artificial: qué es el aprendizaje por refuerzo},
	year     = {2019},
	url = {https://www.xataka.com/inteligencia-artificial/conceptos-inteligencia-artificial-que-aprendizaje-refuerzo}
}

@misc{tec_banafa2019deeplearning,
	title = {¿Qué es el aprendizaje Profundo?},
	author = {{BBVA OpenMind}},
	editor = {Banafa, Ahmed},	
	year={2019},
	publisher={Grupo BBVA},
	url = {https://www.bbvaopenmind.com/tecnologia/mundo-digital/que-es-el-aprendijaze-profundo/}
}

@misc{tec_cook2018deeplearning,
	title = {Most Popular 20 Free Online Courses to Learn Deep Learning},
	author = {{House of Bots}},
	editor = {Cook, Kimberly},	
	year={2018},
	url = {https://www.houseofbots.com/news-detail/3620-4-most-popular-20-free-online-courses-to-learn-deep-learning}
}

@report{tec_braulio2015metodologiasdm,
	author = {Braulio Gil, Núria and Curto Díaz, Josep},
	title = {Customer Analytics: Mejorando la inteligencia del cliente a través de los datos},
	type = {Publicación},
	institution = {Universitat Oberta de Catalunya},
	year = {2015},
	location = {Barcelona},
	url = {https://docplayer.es/17897069-Customer-analytics-mejorando-la-inteligencia-del-cliente-a-traves-de-los-datos-jordi-conesa-i-caralt-coordinador-nuria-braulio-gil-josep-curto-diaz.html}
}


%%
@misc{tec_vectorwords_tensorflow,
	title={Vector Representations of Words},
	author={{TensorFlow}},
	year={2019},
	url={https://www.tensorflow.org/tutorials/representation/word2vec}
}

@techreport{tec_royal2017machine,
	title={Machine learning: the power and promise of computers that learn by example},
	author={{Royal Society Working Group}},
	year={2017},
	institution={Technical report}
}



%%%%Otros archivos
%%%%%%%%%%%%%%%%%%%%%%%%%%%%%%%%%%%%%%%%%%%%%%%%

%%sobre arbol de problemas

@misc{ot_marti2018manual,
	title={Manual formulación, evaluación y monitoreo de proyectos sociales},
	author={Martínez, Rodrigo and Cohen, Ernesto},
	year={2018},
	url={https://dds.cepal.org/redesoc/publicacion?id=242},
	pages={114-121}
}






